@article{ADRoy1952,
title = {Safety First and the Holding of Assets},
journal = {Econometrica},
volume = {20},
number = {3},
pages = {431 -- 449},
year = {1952},
author={A.D. Roy}
}

@article{Rockafellar2000,
author = {Rockafellar, R and Uryasev, Stan},
year = {2000},
month = {01},
pages = {21-42},
title = {Optimization of Conditional Value-At-Risk},
volume = {2},
journal = {Journal of risk}
}

@inproceedings{Maciel2019,
    title={{Avaliação do desempenho de carteiras de ações ajustadas ao CVAR no Brasil}},
	author={Videira, F.E. and Maciel L.},
    booktitle={SemeAd},
	booktitleX={{Seminários em Administração da Faculdade de Economia, Administração e Contabilidade da Universidade de São Paulo (XXVII SemeAd)}},
	year={2019},
	organization={Universidade de São Paulo}
}

@article{Gabriel2019,
author = {Barrozo, Gabriel Amy and Lima, Vitor Procópio},
year = {2019},
month = {11},
title = {Otimização de Portfolio utilizando CVaR como medida de risco},
journal = {UFRJ/Escola Politécnica}
}

@article{Mutu2011,
author = {Mutu, S. and Balogh, P. and Moldovan, Darie},
year = {2011},
month = {01},
pages = {110-117},
title = {The efficiency of value at risk models on Central and Eastern European stock markets},
volume = {5},
journal = {International Journal of Mathematics and Computers in Simulation}
}
